<?xml version="1.0" encoding="UTF-8"?><collection xmlns="http://www.loc.gov/MARC21/slim"><record><leader>00498nam--2200169-i-4500</leader><controlfield tag="001">000026450</controlfield><controlfield tag="002">20161230</controlfield><controlfield tag="005">20170122234439</controlfield><controlfield tag="008">060222s1000------------r-----000-0-eng-d</controlfield><datafield ind1=" " ind2=" " tag="080"><subfield code="a">621.772</subfield></datafield><datafield ind1=" " ind2=" " tag="100"><subfield code="a">Kaufman, Moscu</subfield></datafield><datafield ind1=" " ind2=" " tag="245"><subfield code="a">Caracteristicile si controlul recipientelor sub presiune din instalatiile tehnologice industriale</subfield></datafield><datafield ind1=" " ind2=" " tag="260"><subfield code="a">Bucuresti</subfield><subfield code="b">Inst.Central De Docum.Tehnica</subfield><subfield code="c">1971</subfield></datafield><datafield ind1=" " ind2=" " tag="300"><subfield code="a">84 p</subfield></datafield><datafield ind1=" " ind2=" " tag="490"><subfield code="a">Sinteza Documentara</subfield></datafield><datafield ind1=" " ind2=" " tag="852"><subfield code="a">37763</subfield></datafield><datafield ind1=" " ind2=" " tag="CAT"><subfield code="a">SYS</subfield><subfield code="c">20170122</subfield><subfield code="h">234439</subfield></datafield></record></collection>